<?xml version="1.0" encoding="UTF-8"?><collection xmlns="http://www.loc.gov/MARC21/slim"><record><leader>00375nam--2200133-i-4500</leader><controlfield tag="001">000010806</controlfield><controlfield tag="002">20161230</controlfield><controlfield tag="005">20161230201029</controlfield><controlfield tag="008">060222s1000------------r-----000-0-eng-d</controlfield><datafield ind1=" " ind2=" " tag="080"><subfield code="a">517:681.3.06</subfield></datafield><datafield ind1=" " ind2=" " tag="100"><subfield code="a">Andrews, Harry C</subfield></datafield><datafield ind1=" " ind2=" " tag="245"><subfield code="a">Introduction to mathematical techniques in patten recognition</subfield></datafield><datafield ind1=" " ind2=" " tag="260"><subfield code="a">New York, Wiley-interscience, 1972 Xiii + 242 P</subfield></datafield><datafield ind1=" " ind2=" " tag="852"><subfield code="a">39429</subfield></datafield></record></collection>